<?xml version="1.0" encoding="UTF-8"?><record xmlns="http://www.loc.gov/MARC21/slim" xmlns:cinclude="http://apache.org/cocoon/include/1.0" xmlns:zs="http://www.loc.gov/zing/srw/">
  <leader>00805cz  a2200205n  4500</leader>
  <controlfield tag="001">no2010012873</controlfield>
  <controlfield tag="003">DLC</controlfield>
  <controlfield tag="005">20100801075028.0</controlfield>
  <controlfield tag="008">100125n| acannaabn          |b ana     c</controlfield>
  <datafield tag="010" ind1=" " ind2=" ">
    <subfield code="a">no2010012873</subfield>
  </datafield>
  <datafield tag="035" ind1=" " ind2=" ">
    <subfield code="a">(OCoLC)oca08371969</subfield>
  </datafield>
  <datafield tag="040" ind1=" " ind2=" ">
    <subfield code="a">CSt-HC</subfield>
    <subfield code="b">eng</subfield>
    <subfield code="c">CSt-HC</subfield>
    <subfield code="d">CSt-HC</subfield>
  </datafield>
  <datafield tag="110" ind1="2" ind2=" ">
    <subfield code="a">Ba-midbar (Project : Ofaḳim, Israel)</subfield>
  </datafield>
  <datafield tag="410" ind1="2" ind2=" ">
    <subfield code="a">במדבר</subfield>
  </datafield>
  <datafield tag="410" ind1="2" ind2=" ">
    <subfield code="a">Dans le Desert (Project : Ofaḳim, Israel)</subfield>
  </datafield>
  <datafield tag="410" ind1="2" ind2=" ">
    <subfield code="a">In the Desert (Project : Ofaḳim, Israel)</subfield>
  </datafield>
  <datafield tag="410" ind1="2" ind2=" ">
    <subfield code="a">B pustyne (Project : Ofaḳim, Israel)</subfield>
  </datafield>
  <datafield tag="667" ind1=" " ind2=" ">
    <subfield code="a">Non-Latin script reference not evaluated.</subfield>
  </datafield>
  <datafield tag="670" ind1=" " ind2=" ">
    <subfield code="a">Ba-midbar = במדבר, 2009:</subfield>
    <subfield code="b">t.p. (proyeḳ omanuti-ḥevrati ... in Ofaḳim) added t.p. (Dans le Desert; In the Desert [in rom.])</subfield>
  </datafield>
  <datafield tag="670" ind1=" " ind2=" ">
    <subfield code="a">Ofaḳim, 2010:</subfield>
    <subfield code="b">t.p. (Ba-midbar) added t.p. (V pustyne ([in Cyr.])</subfield>
  </datafield>
</record>